% Encoding: UTF-8

@Article{research-toy,
  author     = {Cascaval, Calin and Blundell, Colin and Michael, Maged and Cain, Harold W. and Wu, Peng and Chiras, Stefanie and Chatterjee, Siddhartha},
  title      = {{Software Transactional Memory: Why Is It Only a Research Toy?}},
  journal    = {Queue},
  year       = {2008},
  volume     = {6},
  number     = {5},
  pages      = {40:46--40:58},
  month      = sep,
  issn       = {1542-7730},
  acmid      = {1454466},
  address    = {New York, NY, USA},
  articleno  = {40},
  doi        = {10.1145/1454456.1454466},
  issue_date = {September 2008},
  numpages   = {13},
  publisher  = {ACM},
  url        = {http://doi.acm.org/10.1145/1454456.1454466},
}

@Article{not-research-toy,
  author     = {Dragojevi\'{c}, Aleksandar and Felber, Pascal and Gramoli, Vincent and Guerraoui, Rachid},
  title      = {{Why STM Can Be More Than a Research Toy}},
  journal    = {Commun. ACM},
  year       = {2011},
  volume     = {54},
  number     = {4},
  pages      = {70--77},
  month      = apr,
  issn       = {0001-0782},
  acmid      = {1924440},
  address    = {New York, NY, USA},
  doi        = {10.1145/1924421.1924440},
  issue_date = {April 2011},
  numpages   = {8},
  publisher  = {ACM},
  url        = {http://doi.acm.org/10.1145/1924421.1924440},
}

@InProceedings{composable-transactions,
  author    = {Harris, Tim and Marlow, Simon and Peyton-Jones, Simon and Herlihy, Maurice},
  title     = {Composable Memory Transactions},
  booktitle = {Proceedings of the Tenth ACM SIGPLAN Symposium on Principles and Practice of Parallel Programming},
  year      = {2005},
  series    = {PPoPP '05},
  pages     = {48--60},
  address   = {New York, NY, USA},
  publisher = {ACM},
  acmid     = {1065952},
  doi       = {10.1145/1065944.1065952},
  isbn      = {1-59593-080-9},
  keywords  = {locks, non-blocking algorithms, transactions},
  location  = {Chicago, IL, USA},
  numpages  = {13},
  url       = {http://doi.acm.org/10.1145/1065944.1065952},
}

@Comment{jabref-meta: databaseType:bibtex;}
